@article{amir1995totem,
  title={The Totem single-ring ordering and membership protocol},
  author={Amir, Yair and Moser, Louise E and Melliar-Smith, Peter M and Agarwal,
Deborah A and Ciarfella, Paul},
  journal={ACM Transactions on Computer Systems (TOCS)},
  volume={13},
  number={4},
  pages={311--342},
  year={1995},
  publisher={ACM}
}



@article{depdef,
  title={Basic concepts and taxonomy of dependable and secure computing},
  author={Avizienis, Algirdas and Laprie, J-C and Randell, Brian and Landwehr,
Carl},
  journal={Dependable and Secure Computing, IEEE Transactions on},
  volume={1},
  number={1},
  pages={11--33},
  year={2004},
  publisher={IEEE}
}

@misc{openstack,
title={OpenStack Project},
howpublished={\url{http://www.openstack.org}}
}

@misc{cloudstack,
title={Apache CloudStack Project},
howpublished={\url{http://cloudstack.apache.org}},
publisher={Apache Foundation}
}

@article{nfv,
	title={Network Functions Virtualisation (NFV) White Paper},
	year={2012},
	journal={European Telecommunications Standards Institute},
	publisher={ETSI}
}

@article{opnfv,
	title={Opnfv: an open platform to accelerate NFV},
	journal={OPNFV Project, Linux Foundation},
	year={2014}
}

@article{openflow08,
	  title={OpenFlow: enabling innovation in campus networks},
      author={McKeown, Nick and Anderson, Tom and Balakrishnan, Hari and Parulkar, Guru and Peterson, Larry and Rexford, Jennifer and Shenker, Scott and Turner, Jonathan},
	  journal={ACM SIGCOMM Computer Communication Review},
	  volume={38},
	  number={2},
	  pages={69--74},
	  year={2008},
	  publisher={ACM}
}

@article{pyretic,
	  title={Modular SDN Programming with Pyretic},
	    author={Reich, Joshua and Monsanto, Christopher and Foster, Nate and Rexford, Jennifer and Walker, David}
}


@article{vn,
	  title={Network virtualization: state of the art and research challenges},
	    author={Chowdhury, NM Mosharaf Kabir and Boutaba, Raouf},
		  journal={Communications Magazine, IEEE},
		    volume={47},
			  number={7},
			    pages={20--26},
				  year={2009},
				    publisher={IEEE}
}


@inproceedings{maple,
	  title={Maple: Simplifying SDN programming using algorithmic policies},
	    author={Voellmy, Andreas and Wang, Junchang and Yang, Y Richard and Ford, Bryan and Hudak, Paul},
		  booktitle={Proceedings of the ACM SIGCOMM 2013 conference on SIGCOMM},
		    pages={87--98},
			  year={2013},
			    organization={ACM}
}

@inproceedings{opennaas,
  title={Virtual CPE: Enhancing CPE's deployment and operations through virtualization},
  author={Minoves, Pau and Frendved, Ole and Peng, Bo and Mackarel, Andrew and Wilson, Dave},
  booktitle={Cloud Computing Technology and Science (CloudCom), 2012 IEEE 4th International Conference on},
  pages={687--692},
  year={2012},
  organization={IEEE}
}

@article{frenetic,
 title={Frenetic: A network programming language},
 author={Foster, Nate and Harrison, Rob and Freedman, Michael J and Monsanto, Christopher and Rexford, Jennifer and Story, Alec and Walker, David},
 journal={ACM SIGPLAN Notices},
 volume={46},
 number={9},
 pages={279--291},
 year={2011},
 publisher={ACM}
}

@misc{mantychore,
   title = {Mantychore Project},
   howpublished = {\url{http://www.mantychore.eu/}}
}
